%%% ARTIGOS %%%

@article{Gomez,
    author={Gomez, L. and Alvarez, L. and Mazorra, L. and Frery, A. C.},
    title={Classification of complex Wishart matrices with a diffusion–reaction system guided by stochastic distances},
    volume={373},
    ISSN={1364-503X},
    DOI={10.1098/rsta.2015.0118},
    number={2056},
    journal={Philosophical Transactions of the Royal Society A: Mathematical, Physical and Engineering Sciences},
    publisher={The Royal Society},
    year={2015},
}

@Article{Gao2010StatisticalMO,
    AUTHOR = {Gao, G.},
    TITLE = {Statistical Modeling of SAR Images: A Survey},
    JOURNAL = {Sensors},
    VOLUME = {10},
    YEAR = {2010},
    NUMBER = {1},
    PAGES = {775--795},
    PubMedID = {22315568},
    ISSN = {1424-8220},
    DOI = {10.3390/s100100775}
}

@article {ReproducibleResearch,
	author = {R. D. PENG},
	title = {Reproducible Research in Computational Science},
	volume = {334},
	number = {6060},
	pages = {1226--1227},
	year = {2011},
	doi = {10.1126/science.1213847},
	publisher = {American Association for the Advancement of Science},
	issn = {0036-8075},
	journal = {Science}
}

@article{InformationTheory,
    author = {A. C. Frery and A. Nascimento and R. Cintra},
    year = {2011},
    month = {02},
    pages = {81--100},
    title = {Information Theory and Image Understanding: An Application to Polarimetric {SAR} Imagery},
    volume = {2},
    number = {2},
    journal = {Chilean Journal of Statistics}
}

@article{Clutter1997, 
    author={A. C. Frery and H.-J. Muller and C. C. F. Yanasse and S. J. S. Sant'Anna}, 
    journal={IEEE Transactions on Geoscience and Remote Sensing}, 
    title={A model for extremely heterogeneous clutter}, 
    year={1997}, 
    volume={35}, 
    number={3}, 
    pages={648--659}, 
    doi={10.1109/36.581981}, 
    ISSN={0196-2892}, 
    month={May}
}

@article{Mejail2002,
    title={Classification of {SAR} Images using a General and Tractable Multiplicative Model},
    author={M. Mejail and J. Jacobo-Berlles and A. C. Frery and O. H. Bustos},
    journal={International Journal of Remote Sensing},
    year={2003},
    volume={24},
    number={18},
    pages = {3565--3582},
    doi={10.1080/0143116021000053274}
}

@Article{FreryMinute2004,
    author={A. C. Frery and F. Cribari-Neto and M O. Souza},
    title={Analysis of Minute Features in Speckled Imagery with Maximum Likelihood Estimation},
    journal={EURASIP Journal on Advances in Signal Processing},
    year={2004},
    volume={16},
    pages= {1--16},
    issn={1687-6180},
    doi={10.1155/S111086570440907X}
}

@article{FreryStochasticDistances2015, 
    author={J. Gambini and J. Cassetti and M. M. Lucini and A. C. Frery}, 
    journal={IEEE Journal of Selected Topics in Applied Earth Observations and Remote Sensing}, 
    title={Parameter Estimation in SAR Imagery Using Stochastic Distances and Asymmetric Kernels}, 
    year={2015}, 
    volume={8}, 
    number={1}, 
    pages={365--375}, 
    doi={10.1109/JSTARS.2014.2346017}, 
    ISSN={1939-1404}
}

@article{KMaxVer_Joughin, 
    author={I. R. Joughin and D. B. Percival and D. P. Winebrenner}, 
    journal={IEEE Transactions on Geoscience and Remote Sensing}, 
    title={Maximum likelihood estimation of {K} distribution parameters for SAR data}, 
    year={1993}, 
    volume={31}, 
    number={5}, 
    pages={989--999}, 
    doi={10.1109/36.263769}, 
    ISSN={0196-2892}, 
}

@article{Byrd_1995,
    title = {A limited memory algorithm for bound constrained optimization},
    author = {Byrd, {Richard H.} and Peihuang Lu and Jorge Nocedal and Ciyou Zhu},
    year = {1995},
    doi = {10.1137/0916069},
    volume = {16},
    pages = {1190--1208},
    journal = {SIAM Journal of Scientific Computing},
    issn = {1064-8275},
    publisher = {Society for Industrial and Applied Mathematics Publications},
}

@article{Fletcher64,
    author = {Fletcher, R. and Reeves, C. M.},
    title = {Function minimization by conjugate gradients},
    journal = {The Computer Journal},
    volume = {7},
    number = {2},
    pages = {149--154},
    year = {1964},
    doi = {10.1093/comjnl/7.2.149},
}


%%% PÁGINAS WEB %%%

@online{RCore,
    author = {R Core Team},
    title = {R: A Language and Environment for Statistical Computing.},
    year = 2017,
    url = {https://www.r-project.org/},
}

@online{PoISARpro,
    author = {ESA},
    title = {Sample Datasets},
    year = 2018,
    url = {https://earth.esa.int/web/polsarpro/data-sources/sample-datasets/}
}


%%% LIVROS %%%

@Book{CasellaBergerStatisticalInference,
  Title = {Statistical Inference},
  Author = {G. Casella and R. L Berger},
  Publisher = {Duxbury},
  Year = {2002},
  Address = {Pacific Grove},
  Edition = {2},
}